%% LaTeX2e file `progress-19-aug-1.bib'
%% generated by the `filecontents' environment
%% from source `progress-19-aug-1' on 2019/09/13.
%%
  @book{FP,
    title={Computer Vision A Modern Approach},
    author={David A. Forsyth, Jean Ponce},
    year={2012},
    publisher={Pearson}
  }
  @book{SZ,
    title={Computer Vision: Algorithms and Applications},
    author={Richard Szeliski},
    year={2010},
    publisher={Springer}
  }
